@book{One,
  title=" ",
  author=" ",
  url="https://www.ncbi.nlm.nih.gov/pmc/articles/PMC3547585/",
  publisher="Richard Ernstâ€”Nobel Prize for Nuclear Magnetic Resonance Spectroscopy"
}

@book{Two,
  title=" ",
  author=" ",
  url="https://mriquestions.com/who-discovered-nmr.html",
  publisher="The Discovery of NMR"
}

@book{Three,
  title=" ",
  author=" ",
  url="https://canvas.asu.edu/courses/93642/files/37742052?module_item_id=6730483",
  publisher="Pulsed NMR Lab Instructor, Arizona State University"
}
